@inproceedings{rankin04,
author = {Arturo L. Rankin and Larry H. Matthies and A. Huertas},
title ={DAYTIME WATER DETECTION BY FUSING MULTIPLE CUES FOR AUTONOMOUS OFF-ROAD NAVIGATION},
year = 2004,
booktitle = "{Proceedings of the 24th Army Science Conference}"
}

@inproceedings{rankin11,
author = {Arturo L. Rankin and Larry H. Matthies and Paolo Bellutta},
title ="{Daytime Water Detection Based on Sky Reflections}",
year = 2011,
booktitLe = "ICRA",
pages = {5329 -- 5336}
}

@inproceedings{santana12,
author = {Pedro Santana and Ricardo Mendonca and Jos Barata},
title ="{Water detection with segmentation guided dynamic texture recognition }",
year = 2012,
booktitle = "IEEE International Conference on Robotics and Biometrics",
pages = {1836 -- 1841}
}

@article{Chapelle99,
author = {Olivier Chapelle and Patrick Haffner and Vladimir N. Vapnik},
title = "{Support Vector Machines for Histogram-Based Image Classification}",
journal = {IEEE TRANSACTIONS ON NEURAL NETWORKS},
vol = {10},
no = {5},
year = 1999,
month = sep
}

@MISC{WHO15Dengue,
author = "{World Health Organization}",
title = "{Dengue and severe dengue. Fact sheet no. 117}",
year = "2015",
howpublished={\url{http://www.who.int/mediacentre/factsheets/fs117/en/}},
note = "[Online; accessed 7-August-2015]" 
}

@article{Cecilia14,
author = {Dayaraj Cecilia},
title = {Current status of dengue and chikungunya in India},
journal = {WHO South-East Asia Journal of Public Health},
vol = {3},
no = {1},
year = {2014}
}

@TECHREPORT{WHO15Malaria,
institution = "WHO",
author = "{World Health Organization}",
title = "{Malaria. Fact sheet no. 94}",
year = "2015",
howpublished={\url{http://www.who.int/mediacentre/factsheets/fs094/en/}}
}


@MISC{Liu11,
author = {Ce Liu},
title = "{Optical Flow Matlab/C++ Code}",
howpublished={\url{http://people.csail.mit.edu/celiu/OpticalFlow/}}
}

@inproceedings{zhang10,
author = {Hua Zhang and Xiaojie Guo and Xiaochun Cao},
title = "{Water Reflection Detection Using a Flip Invariant Shape Detector}",
booktitle = {ICPR},
year = {2010},
pages = {633 -- 636}
}

@phdthesis{Liu11Thesis,
title = "{Beyond Pixels: Exploring New Representations and Applications for Motion Analysis}",
school = "{Massachusetts Institute of Technology}",
author = {Ce Liu},
year = {2009}
}

@MISC{Microsoft15,
title = "{Project Premonition}",
author = "{Microsoft Research}",
howpublished={\url{http://research.microsoft.com/en-us/um/redmond/projects/projectpremonition/default.aspx}},
note = "[Online; accessed 9-August-2015]" 
}

@TECHREPORT{NVBDP_Dengue,
title = "{Dengue Cases and Deaths in the Country since 2009}",
author = "{National Vector Borne Diseases Control Programme}",
institution = "{Ministry of Health and Family Welfare}",
year = {2015},
howpublished={\url{http://nvbdcp.gov.in/den-cd.html}}
}

@TECHREPORT{NVBDP_Malaria,
title = "{Malaria Situation in India}",
author = "{National Vector Borne Diseases Control Programme}",
institution = "{Ministry of Health and Family Welfare}",
year = {2015},
howpublished={\url{http://nvbdcp.gov.in/Doc/mal_situation_May2015.pdf}}
}

@inproceedings{Brox04,
author = {Thomas Brox and Andres Bruhn and Nils Papenberg and Joachim Weickert},
title = {High accuracy optical flow estimation based on a theory for warping},
year = {2004},
booktitle = {ECCV}
}

@article{Bruhn05,
author = {Andres Bruhn and Joachim Weickert and Christoph Schnorr},
title = "{Lucas/Kanade Meets Horn/Schunck: Combining Local and Global Optic Flow Methods}",
month = feb,
volume = 61,
no = 3,
pages = {211--231},  
year = {2005},
journal = {IJCV},
}

@MISC{china,
author = "{The Guardian}",
title = "{Sterile mosquitoes released in China to fight dengue fever}",
howpublished={\url{http://www.theguardian.com/world/2015/may/24/sterile-mosquitoes- released-in-china-to-fight-dengue-fever}},
note = "[Online; accessed 9-August-2015]" 
}

@book{rankin2004daytime,
		  title={Daytime water detection by fusing multiple cues for autonomous off-road navigation},
		    author={Rankin, Arturo L and Matthies, Larry H and Huertas, Andres},
			  publisher={World Scientific}
}

@inproceedings{Lhuillier,
year={2001},
author = {Lhuillier, M. and Quan, L. and Shum, H. and Tsui, H.T.},
title = {Relief Mosaics by Joint View Triangulation},
booktitle ={CVPR},
}

@book{Kocay,
title = {Graphs, Algorithms, and Optimization},
author = {William Kocay and Donald L. Kreher},
year = {2004},
series = {Discrete Mathematics and Its Applications},
publisher = {Chapman and Hall}
}

@article{Lior,
year = {2005},
author = {Rokach, Lior and Oded Maimon},
title = "{Clustering methods}",
journal = {Data mining and knowledge discovery handbook},
pages= {321--352}
}

@inproceedings{Gao,
year={2011},
author = {Junhong Gao and Seon Joo Kim and Brown, M.S.},
title = {Constructing image panoramas using dual-homography warping},
booktitle ={CVPR},
}

@inproceedings{Bay,
year={2006},
author = {Herbert Bay and Tinne Tuytelaars and Luc Van Gool},
title = "{SURF: Speeded Up Robust Features}",
booktitle = {ECCV}
}

@article{Fischler1981,
 author = {Fischler, Martin A. and Bolles, Robert C.},
 title = "{Random Sample Consensus: A Paradigm for Model Fitting with Applications to Image Analysis and Automated Cartography}",
 journal = {Commun. ACM},
 issue_date = {June 1981},
 volume = {24},
 number = {6},
 month = jun,
 year = {1981},
 issn = {0001-0782},
 pages = {381--395},
 numpages = {15}, 
} 

@inproceedings{Acha,
year={2005},
author = {Rav-Acha, A. and Pritch, Y. and Lischinski, D. and Peleg, S.},
title = {Dynamosaics: video mosaics with non-chronological time},
booktitle ={CVPR},
}

@inproceedings{Eden,
year={2006},
author = {Eden, A. and Uyttendaele, M. and Szeliski, R.},
title = "{Seamless Image Stitching of Scenes with Large Motions and Exposure Differences}",
booktitle ={CVPR},
}

@inproceedings{Peleg,
year={1999},
author = {Peleg, S. and  Ben-Ezra, M.},
title = {Stereo panorama with a single camera},
booktitle ={CVPR},
}

@inproceedings{Capel,
year={1998},
author = {Capel, D. and Zisserman, A.},
title = {Automated mosaicing with super-resolution zoom},
booktitle ={CVPR},
}

@inproceedings{Szeliski1997,
 author = {Szeliski, R and Shum, Heung-Yeung},
 title = "{Creating Full View Panoramic Image Mosaics and Environment Maps}",
 booktitle = {SIGGRAPH},
 series = {SIGGRAPH '97},
 year = {1997},
 pages = {251--258},
 numpages = {8},
}

@TECHREPORT{Szeliski05imagealignment,
    author = {Richard Szeliski},
    title = {Image alignment and stitching: A tutorial},
    institution = {MSR-TR-2004-92, Microsoft Research, 2004},
    year = {2005}
}

@inproceedings{Brown03,
year={2003},
author = {Brown, M. and Lowe, D.G.},
title = {Recognising panoramas},
booktitle ={ICCV},
}

@inproceedings{Brown05,
year={2005},
author = {Brown, M. and Szeliski, R. and Winder, S.},
title = {Multi-image matching using multi-scale oriented patches},
booktitle ={CVPR},
}


@inproceedings{Aner,
year={2002},
author = {Aya Aner and John R. Kender},
title = {Video Summaries through Mosaic-Based Shot and Scene Clustering},
booktitle ={ECCV},
}

@inproceedings{Lee,
year={2012},
author = {Y. Lee and J. Ghosh and K. Grauman},
title = {Discovering important people and objects for egocentric video summarization},
booktitle ={CVPR},
}

@inproceedings{Foote,
year={2000},
author = {Foote, J. and Kimber, D.},
title = {FlyCam: practical panoramic video and automatic camera control},
booktitle ={ICME},
}


@article{Brown07,
year={2007},
journal={International Journal of Computer Vision},
volume={74},
number={1},
title={Automatic Panoramic Image Stitching using Invariant Features},
author={Brown, M and Lowe, D. G.},
pages={59-73},
}
 
@article{Agarwala2006,
 author = {Agarwala, A and Agrawala, M and Cohen, M and Salesin, D and Szeliski, R},
 title = {Photographing Long Scenes with Multi-viewpoint Panoramas},
 journal = {ACM Transactions on Graphics},
 volume = {25},
 number = {3},
 month = jul,
 year = {2006},
 pages = {853--861},
 numpages = {9},
} 

@article{Milgram1975,
author= {Milgram, D.L.},
title = {Computer Methods for Creating Photomosaics},
journal = {IEEE Transactions on Computers},
year = {1975},
volume = {C-24},
number = {11},
pages = {1113--1119}
} 

@article{Milgram1977,
author= {Milgram, D.L.},
title = {Adaptive techniques for photomosaicking},
journal = {IEEE Transactions on Computers},
year = {1977},
volume = {26},
number = {11},
pages = {1175--1180}
}

@MISC{ICE,
author = "{Microsoft Image Composite Editor}",
title = {Last visited {A}pril 21, 2015},
howpublished={\url{http://research.microsoft.com/en-us/um/redmond/groups/ivm/ICE/}}
}

@MISC{autostitch,
author = "{Autostich}",
title = {Last visited {A}pril 21, 2015},
howpublished={\url{http://www.cs.bath.ac.uk/brown/autostitch/autostitch.html}}
}

@MISC{photoshop,
author = "{Adobe Photoshop CS6}",
title = {Last visited {A}pril 21, 2015},
howpublished={\url{http://www.adobe.com/products/photoshop}}
}
